%% Ackerman

@article{ thesis:darpa,
	author = "Stefan F. Campbell",
	title = "Steering Control of an Autonomous Ground Vehicle with Application to the {DARPA} Urban Challenge",
	year = "2005",
	journal = "University of Notre Dame"
}

@article{ article:motion_planning,
	author = "Yoshiaki Kuwata and Justin Teo and Gaston Fiore and Sertac Karaman and Emilio Frazzoli and Jonathan P. How",
	title = "Real-time Motion Planning with Applications to Autonomous Urban Driving",
	year = "2009",
	journal = "IEEE Transactions on Control Systems Technology",
}

@article{ article:lateral_control,
	author = "Miguel Angel Sotelo",
	title = "Lateral control strategy for autonomous steering of Ackerman-like vehicles",
	year = "2003",
	journal = "Robotics and Autonomous Systems"
}

%% Active damping

@article{ article:karnopp_simulation,
	author = "R. C. Redfield and D. C. Karnopp",
	title = "A Simplified Approach for Roadway Slope Development in Vehicle Simulation",
	year = "2009",
	journal = "American Control Conference"
}

@article{ article:karnopp_active_damping,
	author = "R. C. Redfield and D. C. Karnopp",
	title = "Performance Sensitivity of an Actively Damped Vehicle Suspension to Feedback Variation",
	year = "",
	journal = ""
}

%% Avoidance

@article{ article:avoidance_terrain,
	author = "Matthew Spenko and Karl Iagnemma and Steven Dubowsky",
	title = "High Speed Hazard Avoidance for Mobile Robots in Rough Terrain",
	year = "2006",
	journal = "Journal of Field Robotics"
}

@article{ article:avoidance_vision,
	author = "Jeff Michels and Ashutosh Saxena And Andrew Y. Ng",
	title = "High Speed Obstacle Avoidance using Monocular Vision and Reinforcement Learning",
	year = "2005",
	journal = "International Conference on Machine Learning"
}

@article{ article:avoidance_robots,
	author = "J. Borenstein and Y. Koren",
	title = "High-speed Obstacle Avoidance for Mobile Robots",
	year = "1988",
	journal = "IEEE International Symposium on Intelligent Control"
}

@article{ article:avoidance_pathing,
	author = "Nat Tuck and Michael McGuinness and Fred Martin",
	title = "{WOAH}: An Obstacle Avoidance Technique for High Speed Path Following",
	year = "2011",
	journal = "Intelligent Robots and Computer Vision: Algorithms and Techniques"
}

%% car

@article{ article:quarter_car,
	author = "T. Yoshimura and A. Kume and M. Kurimoto and J. Hino",
	title = "Construction of an Active Suspension System of a Quarter Car Model using the Concept of Sliding Mode Control",
	year = "2000",
	journal = "Journal of Sound and Vibration"
}

@article{ article:half_car,
	author = "Keith J. Wakeham and D. Geoff Rideout",
	title = "Model Complexity Requirements in Design of Half Car Active Suspension Controllers",
	year = "2011",
	journal = "ASME Dynamic Systems and Controls"
}

@article{ article:full_car,
	author = "Fengchun Sun and Yan Cui",
	title = "Influence of Parameter Variations on System Identification of Full Car Model",
	year = "2011",
	journal = "International MultiConference of Engineers and Computer Scientists"
}

%% Convoying

@article{ article:convoy_comm,
	author = "G. Dudek and M. Jenkin and E. Milios and D. Wilkes",
	title = "Experiments in sensing and communication for robot convoy navigation",
	year = "1995",
	journal = "Intelligent Robots and Systems Human Robot Interaction and Cooperative Robots"
}

@article{ article:guidance_control,
	author = "Fethi Belkhouche and Boumediene Belkhouche",
	title = "Modeling and Controlling a Robotic Convoy Using Guidance Laws Strategies",
	year = "2005",
	journal = "IEEE Transactions on Systems, Man, and Cybernetics"
}

%% High Speed

@article{ article:rollover,
	author = "Steven C. Peters and Karl Iagnemma",
	title = "An Analysis of Rollover Stability Measurement for High-Speed Mobile Robots",
	year = "2006",
	journal = "IEEE International Conference on Robotics and Automation"
}

@article{ article:avoidance_neural_net,
	author = "Yoichiro Endo",
	title = "Design and Implementation of a High Speed Mobile Robot for Testing a Neural Network Crash Avoidance System",
	year = "1998",
	journal = "Case Western Reserve University"
}

@article{ article:surveillance,
	author = "Laura Ray and James Joslin and John Murphy and Jon Barlow and Devin Brande and Devin Balkcom",
	title = "Dynamic Mobile Robots for Emergency Surveillance and Situational Awareness",
	year = "2006",
	journal = "IEEE International Workshop on Safety, Security, and Rescue Robotics"
}

@article{ article:reactive_behaviors,
	author = "Karl Iagnemma and Dariusz Golda and Matthew Spenko and Steven Dubowsky",
	title = "Experimental Study of High-Speed Rough-Terrain Mobile Robot Models for Reactive Behaviors",
	year = "2002",
	journal = "International Symposium on Experimental Robotics"
}

@article{ article:robot_experience,
	author = "Woojin Chung and Seokgyu Kim and Jaesik Choi",
	title = "High speed navigation of a mobile robot based on robot's experiences",
	year = "2005",
	journal = "International Conference on Control, Automation and Systems"
}

@article{ article:laser_localization,
	author = "Kai Lingemann and Andreas N{\"u}chter and Joachim Hertzberg and Hartmut Surmann",
	title = "High-speed laser localization for mobile robots",
	year = "2005",
	journal = "Robotics and Autonomous Systems"
}

@article{ article:HOMER,
	author = "Matt Rozyn and Nathan Wilson and Michael Andrews and David Eager and Ray Clout",
	title = "{HOMER} - A High Speed Robot for Indoor Eploration",
	year = "",
	journal = "University of Technology, Sydney"
}

@article{ article:global_features,
	author = "Seungkeun Cho and Jangmyung Lee",
	title = "Localization of a high-speed mobile robot using global features",
	year = "2010",
	journal = "Robotica"
}

@article{ article:probabilistic_modeling,
	author = "Dariusz Golda and Karl Iagnemma and Steven Dubowsky",
	title = "Probabilistic Modeling and Analysis of High-Speed Rough-Terrain Mobile Robots",
	year = "2004",
	journal = "International Conference on Robotics Automation"
}

@article{ article:vision_control_arms,
	author = "Friedrich Lange and Gerd Hirzinger",
	title = "Spatial Vision-Based Control of High-Speed Robot Arms",
	year = "2006",
	journal = "Industrial Robotics Theory Modelling Control"
}

@article{ article:motion_planning_apf,
	author = "Leng-Feng Lee",
	title = "Decentralized motion planning within an artificial potential framework (APF) for cooperative payload transport by multi-robot collectives",
	year = "2004",
	journal = "State University of New York at Buffalo"
}

@article{ article:apf,
	author = "Kadir Firat Uyanik",
	title = "A study on Artificial Potential Fields",
	year = "",
	journal = "Middle East Technical Univ."
}

@aritcle{ article:real_time_avoidance_manip,
	author = "Oussama Khatib",
	title = "Real-Time Obstacle Avoidance for Manipulators and Mobile Robots",
	year = "1986",
	journal = "The International Journal of Robotics Research"
}

@article{ article:potential_fields_convoy,
	author = "Vladimir Milic, Josip Kasac, Mario Essert",
	title = "A potential field method approach to robotic convoy obstacle avoidance",
	year = "2009",
	journal = "Annals of DAAAM and Proceedings"
}

@book{ book:jazar,
	author = "Reza N Jazar",
	title = "Vehicle Dynamics: Theory and Application",
	year = "2008",
	publisher = "Springer"
}

